% Frameworks and Technologies
@article{scikit-learn,
 title={Scikit-learn: Machine Learning in {P}ython},
 author={Pedregosa, F. and Varoquaux, G. and Gramfort, A. and Michel, V.
         and Thirion, B. and Grisel, O. and Blondel, M. and Prettenhofer, P.
         and Weiss, R. and Dubourg, V. and Vanderplas, J. and Passos, A. and
         Cournapeau, D. and Brucher, M. and Perrot, M. and Duchesnay, E.},
 journal={Journal of Machine Learning Research},
 volume={12},
 pages={2825--2830},
 year={2011}
}

@misc{accord.net,
  title={The Accord.NET Framework},
  author={C{\'e}sar Souza and Andrew Kirillov and Marcos Diego Catalano and Accord.NET contributors},
  year={2014},
  doi={10.5281/zenodo.1029480},
  url={http://accord-framework.net}
}

@book{NumPy,
 author = {Oliphant, Travis E.},
 title = {Guide to NumPy},
 year = {2015},
 isbn = {9781517300074},
 edition = {2nd},
 publisher = {CreateSpace Independent Publishing Platform},
 address = {USA},
}

@Misc{SciPy,
  author = {Eric Jones and Travis Oliphant and Pearu Peterson and others},
  title = {SciPy: Open source scientific tools for Python},
  year = {2001},
  url = "http://www.scipy.org/",
  note = {[Online; accessed 26.07.2018]}
}

@inproceedings{xue2010naturalistic,
  title={A naturalistic 3D acceleration-based activity dataset \& benchmark evaluations},
  author={Xue, Yang and Jin, Lianwen},
  booktitle={Systems Man and Cybernetics (SMC), 2010 IEEE International Conference on},
  pages={4081--4085},
  year={2010},
  organization={IEEE}
}

@article{foerster1999detection,
  title={Detection of posture and motion by accelerometry: a validation study in ambulatory monitoring},
  author={Foerster, F and Smeja, M and Fahrenberg, J},
  journal={Computers in Human Behavior},
  volume={15},
  number={5},
  pages={571--583},
  year={1999},
  publisher={Elsevier}
}

% Feature Extraction
@article{hjorth1970eeg,
  title={EEG analysis based on time domain properties},
  author={Hjorth, Bo},
  journal={Electroencephalography and clinical neurophysiology},
  volume={29},
  number={3},
  pages={306--310},
  year={1970},
  publisher={Elsevier}
}

% Classification Methods
@article{cover1967nearest,
  title={Nearest neighbor pattern classification},
  author={Cover, Thomas and Hart, Peter},
  journal={IEEE transactions on information theory},
  volume={13},
  number={1},
  pages={21--27},
  year={1967},
  publisher={IEEE}
}

@article{king1995statlog,
  title={Statlog: comparison of classification algorithms on large real-world problems},
  author={King, Ross D. and Feng, Cao and Sutherland, Alistair},
  journal={Applied Artificial Intelligence an International Journal},
  volume={9},
  number={3},
  pages={289--333},
  year={1995},
  publisher={Taylor \& Francis}
}

@article{gascuel1998twelve,
  title={Twelve numerical, symbolic and hybrid supervised classification methods},
  author={Gascuel, Olivier and Bouchon-Meunier, Bernadette and Caraux, Gilles and Gallinari, Patrick and Gu{\'e}noche, Alain and Guermeur, Yann and Lechevallier, Yves and Marsala, Christophe and Miclet, Laurent and Nicolas, Jacques and others},
  journal={International journal of pattern recognition and artificial intelligence},
  volume={12},
  number={05},
  pages={517--571},
  year={1998},
  publisher={World Scientific}
}

@article{vert2004primer,
  title={A primer on kernel methods},
  author={Vert, Jean-Philippe and Tsuda, Koji and Sch{\"o}lkopf, Bernhard},
  journal={Kernel methods in computational biology},
  volume={47},
  pages={35--70},
  year={2004},
  publisher={Cambridge, MA: MIT Press}
}

@inbook{clusterAnalysis,
    publisher = {Wiley-Blackwell},
    isbn = {9780470977811},
    title = {Miscellaneous Clustering Methods},
    booktitle = {Cluster Analysis},
    chapter = {8},
    pages = {215-255},
    doi = {10.1002/9780470977811.ch8},
    url = {https://onlinelibrary.wiley.com/doi/abs/10.1002/9780470977811.ch8},
    eprint = {https://onlinelibrary.wiley.com/doi/pdf/10.1002/9780470977811.ch8},
    year = {2011},
    keywords = {clustering methods, constrained clustering, density search, fuzzy clustering, mode analysis, neural network, overlapping clusters},
    abstract = {Summary This chapter discusses density search and mode analysis, where clusters are assumed to be concentrated in relatively dense patches in a metric space. It talks about methods which allow overlapping clusters, including pyramids. The chapter focuses on direct clustering of data matrices, rather than proximity matrices, in order to cluster both variables and objects simultaneously. It explains constrained clustering, where the membership of clusters is determined partly by external information, for example spatial contiguity. In fuzzy methods the objects are not assigned to a particular cluster but possess a membership function indicating the strength of membership to each cluster. The chapter then presents neural networks: pattern recognition algorithms that imitate the computational capabilities of large, highly connected networks such as the neurons in the human brain. Controlled Vocabulary Terms Constrained clustering; density-based clustering; FLAME clustering; fuzzy clustering; total correlation}
}

% Miscellaneous
@article{vanrell2017assessment,
  title={Assessment of homomorphic analysis for human activity recognition from acceleration signals},
  author={Vanrell, Sebastian Rodrigo and Milone, Diego Humberto and Rufiner, Hugo Leonardo},
  journal={IEEE journal of biomedical and health informatics},
  year={2017},
  publisher={IEEE}
}

% Images
@online{image-knn,
 author  = "Antti Ajanki",
 title   = "KNN Classification",
 year    = "2007",
 urlseen = "27-07-18",
 url     = "https://commons.wikimedia.org/wiki/File:KnnClassification.svg",
 %note    = "File: /images/Classification-Knn.png",
}
@online{image-svm,
 author  = "Alisneaky",
 title   = "Kernel Machine",
 year    = "2011",
 urlseen = "29-07-18",
 url     = "https://commons.wikimedia.org/wiki/File:Kernel_Machine.svg",
 %note    = "File: /images/Classification-Svm.png",
}











@inproceedings{brezmes2009activity,
  title={Activity recognition from accelerometer data on a mobile phone},
  author={Brezmes, Tomas and Gorricho, Juan-Luis and Cotrina, Josep},
  booktitle={International Work-Conference on Artificial Neural Networks},
  pages={796--799},
  year={2009},
  organization={Springer}
}

@inproceedings{sun2010activity,
  title={Activity recognition on an accelerometer embedded mobile phone with varying positions and orientations},
  author={Sun, Lin and Zhang, Daqing and Li, Bin and Guo, Bin and Li, Shijian},
  booktitle={International Conference on Ubiquitous Intelligence and Computing},
  pages={548--562},
  year={2010},
  organization={Springer}
}

@inproceedings{tacconi2011smartphone,
  title={Smartphone-based applications for investigating falls and mobility},
  author={Tacconi, Carlo and Mellone, Sabato and Chiari, Lorenzo},
  booktitle={Pervasive Computing Technologies for Healthcare (PervasiveHealth), 2011 5th International Conference on},
  pages={258--261},
  year={2011},
  organization={IEEE}
}

@article{albert2012using,
  title={Using mobile phones for activity recognition in Parkinson’s patients},
  author={Albert, Mark V and Toledo, Santiago and Shapiro, Mark and Koerding, Konrad},
  journal={Frontiers in neurology},
  volume={3},
  pages={158},
  year={2012},
  publisher={Frontiers}
}

@article{fontecha2013elderly,
  title={Elderly frailty detection by using accelerometer-enabled smartphones and clinical information records},
  author={Fontecha, Jes{\'u}s and Navarro, Fco Javier and Herv{\'a}s, Ram{\'o}n and Bravo, Jos{\'e}},
  journal={Personal and ubiquitous computing},
  volume={17},
  number={6},
  pages={1073--1083},
  year={2013},
  publisher={Springer}
}

@article{culhane2005accelerometers,
  title={Accelerometers in rehabilitation medicine for older adults},
  author={Culhane, KM and O’connor, M and Lyons, D and Lyons, GM},
  journal={Age and ageing},
  volume={34},
  number={6},
  pages={556--560},
  year={2005},
  publisher={Br Geriatrics Soc}
}

@article{khan2010triaxial,
  title={A triaxial accelerometer-based physical-activity recognition via augmented-signal features and a hierarchical recognizer},
  author={Khan, Adil Mehmood and Lee, Young-Koo and Lee, Sungyoung Y and Kim, Tae-Seong},
  journal={IEEE transactions on information technology in biomedicine},
  volume={14},
  number={5},
  pages={1166--1172},
  year={2010},
  publisher={IEEE}
}

@inproceedings{khan2010human,
  title={Human activity recognition via an accelerometer-enabled-smartphone using kernel discriminant analysis},
  author={Khan, Adil Mehmood and Lee, Y-K and Lee, SY and Kim, T-S},
  booktitle={Future Information Technology (FutureTech), 2010 5th International Conference on},
  pages={1--6},
  year={2010},
  organization={IEEE}
}

@article{kranz2013mobile,
  title={The mobile fitness coach: Towards individualized skill assessment using personalized mobile devices},
  author={Kranz, Matthias and M{\"o}Ller, Andreas and Hammerla, Nils and Diewald, Stefan and Pl{\"o}Tz, Thomas and Olivier, Patrick and Roalter, Luis},
  journal={Pervasive and Mobile Computing},
  volume={9},
  number={2},
  pages={203--215},
  year={2013},
  publisher={Elsevier}
}

@article{dobkin2011promise,
  title={The promise of mHealth: daily activity monitoring and outcome assessments by wearable sensors},
  author={Dobkin, Bruce H and Dorsch, Andrew},
  journal={Neurorehabilitation and neural repair},
  volume={25},
  number={9},
  pages={788--798},
  year={2011},
  publisher={Sage Publications Sage CA: Los Angeles, CA}
}

@article{hong2010mobile,
  title={Mobile health monitoring system based on activity recognition using accelerometer},
  author={Hong, Yu-Jin and Kim, Ig-Jae and Ahn, Sang Chul and Kim, Hyoung-Gon},
  journal={Simulation Modelling Practice and Theory},
  volume={18},
  number={4},
  pages={446--455},
  year={2010},
  publisher={Elsevier}
}

@inproceedings{khan2011feature,
  title={A feature extraction method for realtime human activity recognition on cell phones},
  author={Khan, Mridul and Ahamed, Sheikh Iqbal and Rahman, Miftahur and Smith, Roger O},
  booktitle={Proceedings of 3rd International Symposium on Quality of Life Technology (isQoLT 2011). Toronto, Canada},
  year={2011}
}

@article{kwapisz2011activity,
  title={Activity recognition using cell phone accelerometers},
  author={Kwapisz, Jennifer R and Weiss, Gary M and Moore, Samuel A},
  journal={ACM SigKDD Explorations Newsletter},
  volume={12},
  number={2},
  pages={74--82},
  year={2011},
  publisher={ACM}
}




@article{han2010implementation,
  title={Implementation of hmm-based human activity recognition using single triaxial accelerometer},
  author={Han, Chang Woo and Kang, Shin Jae and Kim, Nam Soo},
  journal={IEICE transactions on fundamentals of electronics, communications and computer sciences},
  volume={93},
  number={7},
  pages={1379--1383},
  year={2010},
  publisher={The Institute of Electronics, Information and Communication Engineers}
}

@inproceedings{weiss1998learning,
  title={Learning to Predict Rare Events in Event Sequences.},
  author={Weiss, Gary M and Hirsh, Haym},
  booktitle={KDD},
  pages={359--363},
  year={1998}
}